<?xml version="1.0" encoding="UTF-8"?><collection xmlns="http://www.loc.gov/MARC21/slim"><record><leader>00621nam--2200217-i-4500</leader><controlfield tag="001">000012936</controlfield><controlfield tag="002">20161230</controlfield><controlfield tag="005">20161230201030</controlfield><controlfield tag="008">060222s1000------------r-----000-0-rus-d</controlfield><datafield ind1=" " ind2=" " tag="040"><subfield code="a">IFIN-HH</subfield></datafield><datafield ind1=" " ind2=" " tag="041"><subfield code="a">rus</subfield></datafield><datafield ind1=" " ind2=" " tag="080"><subfield code="a">54-1:537.8</subfield></datafield><datafield ind1="1" ind2=" " tag="100"><subfield code="a">Alfven, H</subfield></datafield><datafield ind1="1" ind2="0" tag="245"><subfield code="a">Kosmiceskaia electrodinamika</subfield><subfield code="b">Osnovie printipi</subfield><subfield code="c">H. alfin; c.-g. falthammar</subfield></datafield><datafield ind1=" " ind2=" " tag="250"><subfield code="a">2-e Izdanie</subfield></datafield><datafield ind1=" " ind2=" " tag="260"><subfield code="a">Moskva</subfield><subfield code="b">Mir</subfield><subfield code="c">1967</subfield></datafield><datafield ind1=" " ind2=" " tag="300"><subfield code="a">260P</subfield></datafield><datafield ind1=" " ind2=" " tag="500"><subfield code="a">Titlul Orignal In Limba Engleza: Cosmical Electrodynamics. Fundamental Principles</subfield></datafield><datafield ind1="1" ind2=" " tag="700"><subfield code="a">Falthammar , C.-g</subfield></datafield><datafield ind1=" " ind2=" " tag="852"><subfield code="a">47687</subfield><subfield code="c">537:538</subfield></datafield><datafield ind1=" " ind2=" " tag="CAT"><subfield code="a">Sys</subfield><subfield code="c">20110623</subfield><subfield code="h">135716</subfield></datafield></record></collection>